[{'sale_date': '2025-01-01', 'total_sales': 171.45000000000002}, {'sale_date': '2025-01-02', 'total_sales': 285.75}, {'sale_date': '2025-01-03', 'total_sales': 152.4}, {'sale_date': '2025-01-04', 'total_sales': 266.7}, {'sale_date': '2025-01-05', 'total_sales': 342.90000000000003}, {'sale_date': '2025-01-06', 'total_sales': 38.1}, {'sale_date': '2025-01-07', 'total_sales': 190.5}, {'sale_date': '2025-01-08', 'total_sales': 381.0}, {'sale_date': '2025-01-09', 'total_sales': 285.75}, {'sale_date': '2025-01-10', 'total_sales': 228.60000000000002}, {'sale_date': '2025-01-11', 'total_sales': 114.30000000000001}, {'sale_date': '2025-01-12', 'total_sales': 342.90000000000003}, {'sale_date': '2025-01-13', 'total_sales': 342.90000000000003}, {'sale_date': '2025-01-14', 'total_sales': 95.25}, {'sale_date': '2025-01-15', 'total_sales': 247.65}, {'sale_date': '2025-01-16', 'total_sales': 228.60000000000002}, {'sale_date': '2025-01-17', 'total_sales': 323.85}, {'sale_date': '2025-01-18', 'total_sales': 171.45000000000002}, {'sale_date': '2025-01-19', 'total_sales': 209.55}, {'sale_date': '2025-01-20', 'total_sales': 285.75}, {'sale_date': '2025-01-21', 'total_sales': 323.85}, {'sale_date': '2025-01-22', 'total_sales': 285.75}, {'sale_date': '2025-01-23', 'total_sales': 285.75}, {'sale_date': '2025-01-24', 'total_sales': 209.55}, {'sale_date': '2025-01-25', 'total_sales': 19.05}, {'sale_date': '2025-01-26', 'total_sales': 133.35}, {'sale_date': '2025-01-27', 'total_sales': 152.4}, {'sale_date': '2025-01-28', 'total_sales': 323.85}, {'sale_date': '2025-01-29', 'total_sales': 57.150000000000006}, {'sale_date': '2025-01-30', 'total_sales': 190.5}, {'sale_date': '2025-01-31', 'total_sales': 190.5}, {'sale_date': '2025-02-01', 'total_sales': 247.65}, {'sale_date': '2025-02-02', 'total_sales': 190.5}, {'sale_date': '2025-02-03', 'total_sales': 171.45000000000002}, {'sale_date': '2025-02-04', 'total_sales': 323.85}, {'sale_date': '2025-02-05', 'total_sales': 133.35}, {'sale_date': '2025-02-06', 'total_sales': 342.90000000000003}, {'sale_date': '2025-02-07', 'total_sales': 171.45000000000002}, {'sale_date': '2025-02-08', 'total_sales': 38.1}, {'sale_date': '2025-02-09', 'total_sales': 95.25}, {'sale_date': '2025-02-10', 'total_sales': 381.0}, {'sale_date': '2025-02-11', 'total_sales': 361.95}, {'sale_date': '2025-02-12', 'total_sales': 133.35}, {'sale_date': '2025-02-13', 'total_sales': 266.7}, {'sale_date': '2025-02-14', 'total_sales': 323.85}, {'sale_date': '2025-02-15', 'total_sales': 171.45000000000002}, {'sale_date': '2025-02-16', 'total_sales': 304.8}, {'sale_date': '2025-02-17', 'total_sales': 304.8}, {'sale_date': '2025-02-18', 'total_sales': 19.05}, {'sale_date': '2025-02-19', 'total_sales': 171.45000000000002}, {'sale_date': '2025-02-20', 'total_sales': 133.35}, {'sale_date': '2025-02-21', 'total_sales': 190.5}, {'sale_date': '2025-02-22', 'total_sales': 133.35}, {'sale_date': '2025-02-23', 'total_sales': 361.95}, {'sale_date': '2025-02-24', 'total_sales': 285.75}, {'sale_date': '2025-02-25', 'total_sales': 209.55}, {'sale_date': '2025-02-26', 'total_sales': 57.150000000000006}, {'sale_date': '2025-02-27', 'total_sales': 114.30000000000001}, {'sale_date': '2025-02-28', 'total_sales': 190.5}, {'sale_date': '2025-03-01', 'total_sales': 76.2}, {'sale_date': '2025-03-02', 'total_sales': 152.4}, {'sale_date': '2025-03-03', 'total_sales': 171.45000000000002}, {'sale_date': '2025-03-04', 'total_sales': 38.1}, {'sale_date': '2025-03-05', 'total_sales': 228.60000000000002}, {'sale_date': '2025-03-06', 'total_sales': 247.65}, {'sale_date': '2025-03-07', 'total_sales': 171.45000000000002}, {'sale_date': '2025-03-08', 'total_sales': 228.60000000000002}, {'sale_date': '2025-03-09', 'total_sales': 228.60000000000002}, {'sale_date': '2025-03-10', 'total_sales': 323.85}, {'sale_date': '2025-03-11', 'total_sales': 247.65}, {'sale_date': '2025-03-12', 'total_sales': 266.7}, {'sale_date': '2025-03-13', 'total_sales': 152.4}, {'sale_date': '2025-03-14', 'total_sales': 361.95}, {'sale_date': '2025-03-15', 'total_sales': 209.55}, {'sale_date': '2025-03-16', 'total_sales': 152.4}, {'sale_date': '2025-03-17', 'total_sales': 190.5}, {'sale_date': '2025-03-18', 'total_sales': 133.35}, {'sale_date': '2025-03-19', 'total_sales': 381.0}, {'sale_date': '2025-03-20', 'total_sales': 381.0}, {'sale_date': '2025-03-21', 'total_sales': 133.35}, {'sale_date': '2025-03-22', 'total_sales': 228.60000000000002}, {'sale_date': '2025-03-23', 'total_sales': 342.90000000000003}, {'sale_date': '2025-03-24', 'total_sales': 19.05}, {'sale_date': '2025-03-25', 'total_sales': 342.90000000000003}, {'sale_date': '2025-03-26', 'total_sales': 152.4}, {'sale_date': '2025-03-27', 'total_sales': 361.95}, {'sale_date': '2025-03-28', 'total_sales': 95.25}, {'sale_date': '2025-03-29', 'total_sales': 57.150000000000006}, {'sale_date': '2025-03-30', 'total_sales': 19.05}, {'sale_date': '2025-03-31', 'total_sales': 304.8}]